% this is the bibliography file

@Misc{improved-template,
  author =       {Duc Thanh Nguyen, Wanqinq Li, Philip Ogunbona},
  title =        {An Improved Template Matching Method for Object Detection},
  howpublished = {\url{http://link.springer.com/chapter/10.1007\%2F978-3-642-12297-2_19}},
  year =         {2010},
}

@Misc{statista,
	author = 	{Statista Inc.},
	title = 	{The Statistics Portal},
	howpublished = 	{\url{http://www.statista.com}},
	year = 		{2015}
}

@Misc{open-cv,
        author =        {opencv dev team},
        title =         {OpenCV documentation},
        howpublished =  {\url{http://docs.opencv.org}},
        year =          {2011-2015}
}

@Misc{iso-odf,
  author = 	 {International Organization for Standardization},
  title = 	 {ISO/IEC 26300:2006 Open Document Format},
  howpublished = {\url{http://std.dkuug.dk/keld/iso26300-odf/is26300/iso_iec_26300:2006_e.pdf}},
  month = 	 {December},
  year = 	 {2006},
  annote = 	 {\url{http://www.iso.org/iso/iso_catalogue/catalogue_tc/catalogue_detail.htm?csnumber=43485}}
}
